[gd_scene load_steps=8 format=3 uid="uid://idlod0fsx478"]

[ext_resource type="Script" path="res://Vehicles/Vehicle.gd" id="1"]
[ext_resource type="Texture2D" uid="uid://d2aysridsexmj" path="res://Vehicles/Sprites/Vehicles/wheel.png" id="2"]
[ext_resource type="Script" path="res://Vehicles/Wheel.gd" id="3"]
[ext_resource type="Texture2D" uid="uid://4o8hnqmbt7l" path="res://Vehicles/Sprites/Vehicles/forklift.png" id="4"]

[sub_resource type="PhysicsMaterial" id="1"]

[sub_resource type="RectangleShape2D" id="RectangleShape2D_qlyem"]
size = Vector2(10, 25)

[sub_resource type="RectangleShape2D" id="RectangleShape2D_b3myb"]
size = Vector2(10, 25)

[node name="Forklift" type="RigidBody2D"]
physics_material_override = SubResource("1")
script = ExtResource("1")
grip = 10.0
steering_speed = 0.02
steering_speed_decay = 0.0
center_steering = false

[node name="Wheels" type="Node2D" parent="."]

[node name="FL" type="Sprite2D" parent="Wheels"]
position = Vector2(-25, -9)
scale = Vector2(0.7, 0.7)
texture = ExtResource("2")
script = ExtResource("3")

[node name="FR" type="Sprite2D" parent="Wheels"]
position = Vector2(25, -9)
scale = Vector2(0.7, 0.7)
texture = ExtResource("2")
script = ExtResource("3")

[node name="R" type="Sprite2D" parent="Wheels"]
position = Vector2(0, 51)
scale = Vector2(0.9, 0.7)
texture = ExtResource("2")
script = ExtResource("3")

[node name="Body" type="Sprite2D" parent="."]
modulate = Color(1, 1, 1, 0.498039)
z_index = 1
scale = Vector2(0.5, 0.6)
texture = ExtResource("4")

[node name="BodyCollisionPolygon2D" type="CollisionPolygon2D" parent="."]
polygon = PackedVector2Array(-14, 58, -19, 54, -25, 45, -25, -21, -24, -25, -19, -27, 19, -27, 22, -26, 25, -24, 26, 44, 19, 55, 14, 58, 0, 56)

[node name="ForkZoneLeft" type="Area2D" parent="."]
collision_layer = 2

[node name="CollisionShape2D" type="CollisionShape2D" parent="ForkZoneLeft"]
position = Vector2(-15, -48.5)
shape = SubResource("RectangleShape2D_qlyem")

[node name="ForkZoneRight" type="Area2D" parent="."]

[node name="CollisionShape2D" type="CollisionShape2D" parent="ForkZoneRight"]
position = Vector2(15, -48.5)
shape = SubResource("RectangleShape2D_b3myb")

[connection signal="area_entered" from="ForkZoneLeft" to="." method="_on_fork_zone_2d_area_entered"]
